@thesis{reynisdottir,
    author      = "Kamilla Reynisdóttir",
    title       = "LINEAR OPTIMIZATION MODEL THAT MAXIMIZES THE         VALUE     OF PORK PRODUCTS",
    year        = "2012",
    institution = "Reykjavík University"
}

 @misc{cplex,
   author = "IBM",
   title = "IBM ILOG CPLEX Optimizer",
   year = 2015,
   url = "http://www-01.ibm.com/software/commerce/optimization/cplex-optimizer/"
 }
 
 @misc{gurobi,
   author = "Gurobi Optimization, Inc.",
   title = "Gurobi Optimizer Reference Manual",
   year = 2015,
   url = "http://www.gurobi.com"
 }
 
@misc{aimms,
    author      = "AIMMS, B.V.",
    title       = "AIMMS Language Reference",
    year        = "2014",
    url         = "www.aimms.com"
}